@book{moscow,
  title={CASE Method Fast-track: A RAD Approach},
  author={Clegg, D. and Barker, R.},
  isbn={9780201624328},
  year={1994},
  publisher={Addison-Wesley Publishing Company}
}

@misc{sus,
title={System Usability Scale (SUS)},
author={John Brooke},
year={1986},
howpublished={\url{https://www.usability.gov/how-to-and-tools/methods/system-usability-scale.html}}
}

@misc{ugr,
title={University of Granada (UGR)},
author={Carlos I de España},
year={1531},
howpublished={\url{https://www.ugr.es/}}
}

@misc{nginx,
title={Nginx},
author={Igor Sysoev},
year={2004},
howpublished={\url{https://www.nginx.com/}}
}


@misc{Flutter,
title={Flutter},
author={Google},
year={2017},
howpublished={\url{https://flutter.dev/}}
}

@misc{Gunicorn,
title={Gunicorn},
author={Google},
year={2017},
howpublished={\url{https://gunicorn.org/}}
}

@misc{proctoringai,
title={Proctoring-AI},
author={vardanagarwal},
year={2020},
howpublished={\url{https://github.com/vardanagarwal/Proctoring-AI}}
}

@misc{postgres,
title={PostgreSQL},
author={PostgreSQL Global Development Group},
year={1996},
howpublished={\url{https://www.postgresql.org/}}
}

@misc{sqlalchemy,
title={sqlalchemy},
author={Michael Bayer},
year={2021},
howpublished={\url{https://www.sqlalchemy.org/}}
}

@misc{pgAdmin,
title={pgAdmin},
author={The pgAdmin Development Team},
year={2013},
howpublished={\url{https://www.pgadmin.org/}}
}

@misc{Docker,
title={Docker},
author={Docker, Inc.},
year={2013},
howpublished={\url{https://www.docker.com/}}
}


@misc{psycopg2,
title={psycopg2},
author={The Psycopg Team},
year={2021},
howpublished={\url{https://pypi.org/project/psycopg2/}}
}

@misc{starflut,
title={starflut},
author={srplab},
year={2018},
howpublished={\url{https://pub.dev/packages/starflut}}
}

@misc{chaquopy,
title={chaquopy},
author={Jay Ashokbhai Dangar},
year={2021},
howpublished={\url{https://pub.dev/packages/chaquopy}}
}

@misc{AndroidStudio,
title={Android Studio},
author={Google},
year={2014},
howpublished={\url{https://developer.android.com/studio?hl=es}}
}

@misc{Android,
title={Android},
author={Google},
year={2008},
howpublished={\url{https://www.android.com/intl/es_es/}}
}

@misc{Flask,
title={Flask},
author={Armin Ronacher},
year={2010},
howpublished={\url{https://flask.palletsprojects.com/en/2.0.x/}}
}

@misc{Python,
title={Python},
author={Python Software Foundation},
year={1991},
howpublished={\url{https://www.python.org/}}
}

@misc{Java,
title={Java},
author={Sun Microsystems},
year={1996},
howpublished={\url{https://www.java.com/es/}}
}

@misc{Swift,
title={Swift},
author={Apple},
year={2014},
howpublished={\url{https://developer.apple.com/swift/}}
}

@misc{Kotlin,
title={Kotlin},
author={JetBrains},
year={2016},
howpublished={\url{https://kotlinlang.org/}}
}

@misc{NystagmusTest,
title={Horizontal gaze nystagmus : the science and the law : a resource guide for judges, prosecutors and law enforcement},
author={United States. National Highway Traffic Safety Administration},
year={1999},
howpublished={\url{https://rosap.ntl.bts.gov/view/dot/1647}}
}

@misc{DrugAbuseRecognition,
title={Horizontal Gaze Nystagmus: The Truth is in the Eyes},
author={Drug Abuse Recognition},
year={2014},
howpublished={\url{https://www.youtube.com/watch?v=EAryg2X2J_4&ab_channel=DrugAbuseRecognition}}
}

@misc{Nystagmus,
title={MedlinePlus - Nystagmus},
author={US National Library of Medicine},
year={2021},
howpublished={\url{https://medlineplus.gov/ency/article/003037.htm}}
}

@misc{YouTube,
title={YouTube},
author={Google},
year={2005},
howpublished={\url{https://youtu.be/EAryg2X2J_4}}
}

@misc{YouTubeVideo,
title={Horizontal Gaze Nystagmus: The Truth is in the Eyes},
author={Drug Abuse Recognition},
year={2014},
howpublished={\url{https://youtu.be/EAryg2X2J_4}}
}

@misc{who,
title={World Health Organization},
author={United Nations},
year={2021},
howpublished={\url{https://www.who.int/}}
}

@misc{whoalcohol,
title={World Health Organization - Alcohol},
author={United Nations},
year={2021},
howpublished={\url{https://www.who.int/news-room/fact-sheets/detail/alcohol}}
}

@misc{mnt,
title={Alcohol: Short-term and long-term effects},
author={Medical News Today},
year={2021},
howpublished={\url{https://www.medicalnewstoday.com/articles/305062#short-term-effects-}}
}

@misc{healthline,
title={23 Effects of Alcohol on Your Body},
author={Ann Pietrangelo},
year={2021},
howpublished={\url{https://www.healthline.com/health/alcohol/effects-on-body#Inflammatory-damage}}
}

@misc{applestore,
title={App Store},
author={Apple},
year={2008},
howpublished={\url{https://www.apple.com/es/ios/app-store/}}
}

@misc{googleplay,
title={Google Play},
author={Google},
year={2008},
howpublished={\url{https://play.google.com/store?hl=es&gl=US}}
}

@misc{scopus,
title={Scopus},
author={Elsevier},
year={2004},
howpublished={\url{https://www.scopus.com/freelookup/form/author.uri}}
}

@misc{applewatch,
title={Apple Watch},
author={Apple},
year={2015},
howpublished={\url{https://www.apple.com/es/watch/}}
}

@misc{Drizly,
title={Drizly: Alcohol delivery. Order Wine Beer \& Liquor (version 4.17.5)},
author={Drizly, Inc.},
year={2021},
howpublished={\url{https://play.google.com/store/apps/details?id=com.drizly.Drizly&hl=es&gl=US}}
}

@misc{alcotrack,
title={AlcoTrack (version 3.3.5)},
author={FLX Apps},
year={2021},
howpublished={\url{https://play.google.com/store/apps/details?id=com.felixheller.alcdroid}}
}

@misc{alcoholcheck,
title={Alcohol Check - BAC Calculator (version 1.1.10)},
author={Dine4Fit, a.s.},
year={2020},
howpublished={\url{https://play.google.com/store/apps/details?id=com.aspamobile.alkoholmetr}}
}

@misc{Alcofy,
title={Alcofy - Alcohol Tracker and BAC Drink Calculator (version 3.0.0)},
author={JMJ Dev},
year={2021},
howpublished={\url{https://play.google.com/store/apps/details?id=com.jmstudio.alctrack}}
}

@misc{alcoholcalculator,
title={Blood Alcohol Calculator (version 1.16)},
author={Crabtree},
year={2019},
howpublished={\url{https://play.google.com/store/apps/details?id=com.crabtree.bac}}
}

@misc{saut,
title={Simple Alcohol Unit Tracker (version 1.0)},
author={Developer Jam},
year={2021},
howpublished={\url{https://play.google.com/store/apps/details?id=com.developerjam.drinklogger}}
}

@misc{calculator,
title={Blood Alcohol Calculator (version 2.12)},
author={Simopt},
year={2018},
howpublished={\url{https://play.google.com/store/apps/details?id=cz.simopt.besipalkoholkalkulacka}}
}

@misc{alcocal,
title={Alco Calculator (version 1.68.1)},
author={Severyukhin Aleksey},
year={2021},
howpublished={\url{https://play.google.com/store/apps/details?id=com.sag.AlcoCalculator}}
}

@misc{forfun,
title={Alcohol test (for fun) (version 1.2)},
author={NETIGEN Utilities},
year={2018},
howpublished={\url{https://play.google.com/store/apps/details?id=pl.netigen.new_alcohol_test}}
}

@misc{bactrackskyn,
title={BACtrack Skyn Wearable Alcohol Monitor},
author={BACtrack},
year={2016},
howpublished={\url{https://skyn.bactrack.com/}}
}

@misc{copiloto,
title={Samsung Copilot},
author={Samsung},
year={2017},
howpublished={\url{https://www.samsung.com/es/tecnologiaconproposito/copiloto/en/}}
}

@ARTICLE{Li2021,
author={Li, R. and Balakrishnan, G.P. and Nie, J. and Li, Y. and Agu, E. and Grimone, K. and Herman, D. and Abrantes, A.M. and Stein, M.D.},
title={Estimation of Blood Alcohol Concentration from Smartphone Gait Data using Neural Networks},
journal={IEEE Access},
year={2021},
doi={10.1109/ACCESS.2021.3054515},
note={cited By 0},
url={https://www.scopus.com/inward/record.uri?eid=2-s2.0-85100519004&doi=10.1109%2fACCESS.2021.3054515&partnerID=40&md5=26bbe0276d50721086f16145d8762422},
document_type={Article},
source={Scopus},
}

@ARTICLE{Intarasirisawat2020,
author={Intarasirisawat, J. and Ang, C.S. and Efstratiou, C. and Dickens, L. and Sriburapar, N. and Sharma, D. and Asawathaweeboon, B.},
title={An Automated Mobile Game-based Screening Tool for Patients with Alcohol Dependence},
journal={Proceedings of the ACM on Interactive, Mobile, Wearable and Ubiquitous Technologies},
year={2020},
volume={4},
number={3},
doi={10.1145/3411837},
art_number={110},
note={cited By 0},
url={https://www.scopus.com/inward/record.uri?eid=2-s2.0-85092429721&doi=10.1145%2f3411837&partnerID=40&md5=21a8cd76072a85c88f3be68cda884f28},
document_type={Article},
source={Scopus},
}

@CONFERENCE{Phan2020211,
author={Phan, T.-T. and Labhart, F. and Muralidhar, S. and Gatica-Perez, D.},
title={Understanding heavy drinking at night through smartphone sensing and active human engagement},
journal={ACM International Conference Proceeding Series},
year={2020},
pages={211-222},
doi={10.1145/3421937.3421992},
art_number={3421992},
note={cited By 1},
url={https://www.scopus.com/inward/record.uri?eid=2-s2.0-85097270846&doi=10.1145%2f3421937.3421992&partnerID=40&md5=01ec371fd543f40cf47840e53552bc70},
document_type={Conference Paper},
source={Scopus},
}

@ARTICLE{Mitchell2020297,
author={Mitchell, M.M. and Mendelson, J. and Gryczynski, J. and Carswell, S.B. and Schwartz, R.P.},
title={A novel telehealth platform for alcohol use disorder treatment: preliminary evidence of reductions in drinking},
journal={American Journal of Drug and Alcohol Abuse},
year={2020},
volume={46},
number={3},
pages={297-303},
doi={10.1080/00952990.2019.1658197},
note={cited By 1},
url={https://www.scopus.com/inward/record.uri?eid=2-s2.0-85074047623&doi=10.1080%2f00952990.2019.1658197&partnerID=40&md5=3fe319b7c4635fef505ee4c3ccbcb354},
document_type={Article},
source={Scopus},
}

@ARTICLE{Businelle2020,
author={Businelle, M.S. and Walters, S.T. and Mun, E.-Y. and Kirchner, T.R. and Hébert, E.T. and Li, X.},
title={Reducing drinking among people experiencing homelessness: Protocol for the development and testing of a just-in-time adaptive intervention},
journal={JMIR Research Protocols},
year={2020},
volume={9},
number={4},
doi={10.2196/15610},
art_number={e15610},
note={cited By 2},
url={https://www.scopus.com/inward/record.uri?eid=2-s2.0-85083420810&doi=10.2196%2f15610&partnerID=40&md5=cffeb1ff1c9cdd80ccbea5b8c1059f2d},
document_type={Article},
source={Scopus},
}

@ARTICLE{Suffoletto2020505,
author={Suffoletto, B. and Dasgupta, P. and Uymatiao, R. and Huber, J. and Flickinger, K. and Sejdic, E.},
title={A preliminary study using smartphone accelerometers to sense gait impairments due to alcohol intoxication},
journal={Journal of Studies on Alcohol and Drugs},
year={2020},
volume={81},
number={4},
pages={505-510},
doi={10.15288/jsad.2020.81.505},
note={cited By 2},
url={https://www.scopus.com/inward/record.uri?eid=2-s2.0-85089708825&doi=10.15288%2fjsad.2020.81.505&partnerID=40&md5=e8295bd65723d0fbe22f6c565f0f1bfc},
document_type={Article},
source={Scopus},
}

@ARTICLE{Leightley2020,
author={Leightley, D. and Rona, R.J. and Shearer, J. and Williamson, C. and Gunasinghe, C. and Simms, A. and Fear, N.T. and Goodwin, L. and Murphy, D.},
title={Evaluating the Efficacy of a Mobile App (Drinks:Ration) and Personalized Text and Push Messaging to Reduce Alcohol Consumption in a Veteran Population: Protocol for a Randomized Controlled Trial},
journal={JMIR Research Protocols},
year={2020},
volume={9},
number={10},
doi={10.2196/19720},
art_number={e19720},
note={cited By 0},
url={https://www.scopus.com/inward/record.uri?eid=2-s2.0-85095776628&doi=10.2196%2f19720&partnerID=40&md5=2fd4680961b34fbe75796c3ab01dbd3a},
document_type={Article},
source={Scopus},
}

@CONFERENCE{Wakana2019,
author={Wakana, H. and Yamada, M.},
title={Portable Alcohol Detection System for Driver Monitoring},
journal={Proceedings of IEEE Sensors},
year={2019},
volume={2019-October},
doi={10.1109/SENSORS43011.2019.8956885},
art_number={8956885},
note={cited By 2},
url={https://www.scopus.com/inward/record.uri?eid=2-s2.0-85078702800&doi=10.1109%2fSENSORS43011.2019.8956885&partnerID=40&md5=2307489bb925509a66b5346ae4691913},
document_type={Conference Paper},
source={Scopus},
}

@CONFERENCE{Killian201935,
author={Killian, J.A. and Passino, K.M. and Nandi, A. and Madden, D.R. and Clapp, J.},
title={Learning to detect heavy drinking episodes using smartphone accelerometer data},
journal={CEUR Workshop Proceedings},
year={2019},
volume={2429},
pages={35-42},
note={cited By 1},
url={https://www.scopus.com/inward/record.uri?eid=2-s2.0-85071677609&partnerID=40&md5=2c3f2aed1f07cce8c441666c8672bc4d},
document_type={Conference Paper},
source={Scopus},
}

@ARTICLE{Sempionatto2019161,
author={Sempionatto, J.R. and Brazaca, L.C. and García-Carmona, L. and Bolat, G. and Campbell, A.S. and Martin, A. and Tang, G. and Shah, R. and Mishra, R.K. and Kim, J. and Zucolotto, V. and Escarpa, A. and Wang, J.},
title={Eyeglasses-based tear biosensing system: Non-invasive detection of alcohol, vitamins and glucose},
journal={Biosensors and Bioelectronics},
year={2019},
volume={137},
pages={161-170},
doi={10.1016/j.bios.2019.04.058},
note={cited By 35},
url={https://www.scopus.com/inward/record.uri?eid=2-s2.0-85065477317&doi=10.1016%2fj.bios.2019.04.058&partnerID=40&md5=e87a68d7cf144d84ccfaa76e51089887},
document_type={Article},
source={Scopus},
}

@CONFERENCE{Willoughby2019496,
author={Willoughby, C. and Banatoski, I. and Roberts, P. and Agu, E.},
title={Drunkselfie: Intoxication detection from smartphone facial images},
journal={Proceedings - International Computer Software and Applications Conference},
year={2019},
volume={2},
pages={496-501},
doi={10.1109/COMPSAC.2019.10255},
art_number={8754100},
note={cited By 1},
url={https://www.scopus.com/inward/record.uri?eid=2-s2.0-85072664870&doi=10.1109%2fCOMPSAC.2019.10255&partnerID=40&md5=56060b77a3485f27927e57f329c2628a},
document_type={Conference Paper},
source={Scopus},
}

@ARTICLE{Garnett2019296,
author={Garnett, C. and Crane, D. and West, R. and Brown, J. and Michie, S.},
title={The development of Drink Less: An alcohol reduction smartphone app for excessive drinkers},
journal={Translational Behavioral Medicine},
year={2019},
volume={9},
number={2},
pages={296-307},
doi={10.1093/tbm/iby043},
note={cited By 13},
url={https://www.scopus.com/inward/record.uri?eid=2-s2.0-85057619156&doi=10.1093%2ftbm%2fiby043&partnerID=40&md5=e431e1c2ebbf899107e043a73b171044},
document_type={Article},
source={Scopus},
}

@CONFERENCE{Chatterjee2018,
author={Chatterjee, I. and Isha and Sharma, A.},
title={Driving Fitness Detection : A Holistic Approach For Prevention of Drowsy and Drunk Driving using Computer Vision Techniques},
journal={South-East Europe Design Automation, Computer Engineering, Computer Networks and Social Media Conference, SEEDA_CECNSM 2018},
year={2018},
doi={10.23919/SEEDA-CECNSM.2018.8544944},
art_number={8544944},
note={cited By 3},
url={https://www.scopus.com/inward/record.uri?eid=2-s2.0-85059783100&doi=10.23919%2fSEEDA-CECNSM.2018.8544944&partnerID=40&md5=30af93d8fb8dc6a3c7689ee980ed7cf0},
document_type={Conference Paper},
source={Scopus},
}

@ARTICLE{Leightley2018,
author={Leightley, D. and Puddephatt, J.-A. and Jones, N. and Mahmoodi, T. and Chui, Z. and Field, M. and Drummond, C. and Rona, R.J. and Fear, N.T. and Goodwin, L.},
title={A smartphone app and personalized text messaging framework (InDex) to monitor and reduce alcohol use in ex-serving personnel: Development and feasibility study},
journal={JMIR mHealth and uHealth},
year={2018},
volume={6},
number={9},
doi={10.2196/10074},
art_number={e10074},
note={cited By 14},
url={https://www.scopus.com/inward/record.uri?eid=2-s2.0-85060397231&doi=10.2196%2f10074&partnerID=40&md5=c8c152f5c8c084ec2aff17fe27b580ce},
document_type={Article},
source={Scopus},
}

@ARTICLE{Poulton201835,
author={Poulton, A. and Pan, J. and Bruns, L.R., Jr and Sinnott, R.O. and Hester, R.},
title={Assessment of alcohol intake: Retrospective measures versus a smartphone application},
journal={Addictive Behaviors},
year={2018},
volume={83},
pages={35-41},
doi={10.1016/j.addbeh.2017.11.003},
note={cited By 11},
url={https://www.scopus.com/inward/record.uri?eid=2-s2.0-85034424784&doi=10.1016%2fj.addbeh.2017.11.003&partnerID=40&md5=8324ab9838b94b0938f67da428c870cc},
document_type={Article},
source={Scopus},
}

@CONFERENCE{Mariakakis2018,
author={Mariakakis, A. and Parsi, S. and Patel, S.N. and Wobbrock, J.O.},
title={Drunk user interfaces: Determining blood alcohol level through everyday smartphone tasks},
journal={Conference on Human Factors in Computing Systems - Proceedings},
year={2018},
volume={2018-April},
doi={10.1145/3173574.3173808},
note={cited By 8},
url={https://www.scopus.com/inward/record.uri?eid=2-s2.0-85046963575&doi=10.1145%2f3173574.3173808&partnerID=40&md5=9f891757aa85113fd5028567beb1021c},
document_type={Conference Paper},
source={Scopus},
}

@ARTICLE{Suffoletto2018116,
author={Suffoletto, B. and Gharani, P. and Chung, T. and Karimi, H.},
title={Using phone sensors and an artificial neural network to detect gait changes during drinking episodes in the natural environment},
journal={Gait and Posture},
year={2018},
volume={60},
pages={116-121},
doi={10.1016/j.gaitpost.2017.11.019},
note={cited By 11},
url={https://www.scopus.com/inward/record.uri?eid=2-s2.0-85034813240&doi=10.1016%2fj.gaitpost.2017.11.019&partnerID=40&md5=1497731738c817654d9053585eee9c18},
document_type={Article},
source={Scopus},
}

@ARTICLE{Leonard2017,
author={Leonard, N.R. and Silverman, M. and Sherpa, D.P. and Naegle, M.A. and Kim, H. and Coffman, D.L. and Ferdschneider, M.},
title={Mobile health technology using a wearable sensorband for female college students with problem drinking: An acceptability and feasibility study},
journal={JMIR mHealth and uHealth},
year={2017},
volume={5},
number={7},
doi={10.2196/mhealth.7399},
art_number={e90},
note={cited By 10},
url={https://www.scopus.com/inward/record.uri?eid=2-s2.0-85047761057&doi=10.2196%2fmhealth.7399&partnerID=40&md5=37f8c669f9c7d47dae16aaf34bd409d7},
document_type={Article},
source={Scopus},
}

@ARTICLE{Bertholet2017285,
author={Bertholet, N. and Daeppen, J.-B. and McNeely, J. and Kushnir, V. and Cunningham, J.A.},
title={Smartphone application for unhealthy alcohol use: A pilot study},
journal={Substance Abuse},
year={2017},
volume={38},
number={3},
pages={285-291},
doi={10.1080/08897077.2017.1281860},
note={cited By 7},
url={https://www.scopus.com/inward/record.uri?eid=2-s2.0-85015693569&doi=10.1080%2f08897077.2017.1281860&partnerID=40&md5=26e7147aa096cb863ce6621796e67960},
document_type={Article},
source={Scopus},
}

@CONFERENCE{Kinnamon2017,
author={Kinnamon, D. and Selvam, A.P. and Prasad, S. and Muthukumar, S.},
title={Electronic bracelet for monitoring of alcohol lifestyle},
journal={Proceedings of IEEE Sensors},
year={2017},
doi={10.1109/ICSENS.2016.7808598},
art_number={7808598},
note={cited By 1},
url={https://www.scopus.com/inward/record.uri?eid=2-s2.0-85011006784&doi=10.1109%2fICSENS.2016.7808598&partnerID=40&md5=98048a57473bc7a66813beab5ad1bdde},
document_type={Conference Paper},
source={Scopus},
}

@ARTICLE{Mellentin2017,
author={Mellentin, A.I. and Stenager, E. and Nielsen, B. and Nielsen, A.S. and Yu, F.},
title={A smarter pathway for delivering cue exposure therapy? The design and development of a smartphone app targeting alcohol use disorder},
journal={JMIR mHealth and uHealth},
year={2017},
volume={5},
number={1},
doi={10.2196/mhealth.6500},
art_number={e5},
note={cited By 9},
url={https://www.scopus.com/inward/record.uri?eid=2-s2.0-85042122489&doi=10.2196%2fmhealth.6500&partnerID=40&md5=d9b3d391f5549ea1196df008966619a6},
document_type={Article},
source={Scopus},
}

@ARTICLE{Park201774,
author={Park, E. and Lee, S.I. and Nam, H.S. and Garst, J.H. and Huang, A. and Campion, A. and Arnell, M. and Ghalehsariand, N. and Park, S. and Chang, H.-J. and Lu, D.C. and Sarrafzadeh, M.},
title={Unobtrusive and continuous monitoring of alcohol-impaired gait using smart shoes},
journal={Methods of Information in Medicine},
year={2017},
volume={56},
number={1},
pages={74-82},
doi={10.3414/ME15-02-0008},
note={cited By 8},
url={https://www.scopus.com/inward/record.uri?eid=2-s2.0-85009415836&doi=10.3414%2fME15-02-0008&partnerID=40&md5=aa8370db66d56d7d02094616fac37a39},
document_type={Article},
source={Scopus},
}
